%% This BibTeX bibliography file was created using BibDesk.
%% https://bibdesk.sourceforge.io/

%% Created for Merriman, Claire at 2024-03-11 17:10:07 -0400 


%% Saved with string encoding Unicode (UTF-8) 



@inbook{theo-prim-roots,
	author = {Flapan, Erica and Marks, Tim and Pommersheim, James},
	chapter = {10: Primitive Roots, Section 10.3: Primitive Roots},
	date-added = {2024-03-11 17:07:34 -0400},
	date-modified = {2024-03-11 17:10:07 -0400},
	publisher = {John Wiley \& Sons, Hoboken, NJ},
	title = {Number Theory: A Lively Introduction with Proofs, Applications, and Stories},
	year = {2010}}

@inbook{theo-gauss-lem,
	author = {Flapan, Erica and Marks, Tim and Pommersheim, James},
	chapter = {11: Quadratic Residues, Section 11.4: Gauss's Lemma},
	date-added = {2024-03-11 17:07:34 -0400},
	date-modified = {2024-03-11 17:10:07 -0400},
	publisher = {John Wiley \& Sons, Hoboken, NJ},
	title = {Number Theory: A Lively Introduction with Proofs, Applications, and Stories},
	year = {2010}}

@book{niven-zuckerman-montgomery,
	author = {Niven, Ivan and Zuckerman, Herbert S and Montgomery, Hugh L},
	publisher = {John Wiley \& Sons},
	title = {An introduction   = {},ntroduction to the Theory of Numbers},
	year = {1991}}

@book{strayer,
	author = {Strayer, James K},
	publisher = {Waveland Press},
	title = {Elementary Number Theory},
	year = {2001}}

@book{ernst,
	author = {Ernst, Dana C},
	publisher = {MAA Press},
	title = {An introduction to proof via inquiry-based learning},
	year = {2022}}

@book{jones-jones,
	author = {Jones, Gareth A and Jones, Josephine M},
	publisher = {Springer Science \& Business Media},
	title = {Elementary Number Theory},
	year = {1998}}

@book{theo,
	author = {Flapan, Erica and Marks, Tim and Pommersheim, James},
	publisher = {John Wiley \& Sons, Hoboken, NJ},
	title = {Number Theory: A Lively Introduction with Proofs, Applications, and Stories},
	year = {2010}}
